<record><leader>02505nam a2200541 i 4500</leader><controlfield tag="001">6711071</controlfield><controlfield tag="003">OCoLC</controlfield><controlfield tag="005">20141008132800.0</controlfield><controlfield tag="008">140603s2015    enkb     b    001 0 eng  </controlfield><datafield ind1=" " ind2=" " tag="010"><subfield code="a">  2014021706</subfield></datafield><datafield ind1="7" ind2=" " tag="016"><subfield code="a">016774701</subfield><subfield code="2">Uk</subfield></datafield><datafield ind1=" " ind2=" " tag="020"><subfield code="a">9781138774803 (hardback : alk. paper)</subfield></datafield><datafield ind1=" " ind2=" " tag="020"><subfield code="a">1138774804 (hardback : alk. paper)</subfield></datafield><datafield ind1=" " ind2=" " tag="020"><subfield code="a">9781138774810 (pbk. : alk. paper)</subfield></datafield><datafield ind1=" " ind2=" " tag="020"><subfield code="a">1138774812 (pbk. : alk. paper)</subfield></datafield><datafield ind1=" " ind2=" " tag="020"><subfield code="z">9781315773537 (ebook)</subfield></datafield><datafield ind1=" " ind2=" " tag="020"><subfield code="z">1315773538 (ebook)</subfield></datafield><datafield ind1="8" ind2=" " tag="024"><subfield code="a">40023904306</subfield></datafield><datafield ind1=" " ind2=" " tag="035"><subfield code="a">ocn892039621</subfield></datafield><datafield ind1=" " ind2=" " tag="040"><subfield code="a">DLC</subfield><subfield code="b">eng</subfield><subfield code="e">rda</subfield><subfield code="c">DLC</subfield><subfield code="d">YDXCP</subfield><subfield code="d">BTCTA</subfield><subfield code="d">UKMGB</subfield><subfield code="d">BDX</subfield><subfield code="d">MTG</subfield><subfield code="d">OCLCF</subfield><subfield code="d">ALM</subfield><subfield code="d">YUS</subfield><subfield code="d">CHVBK</subfield><subfield code="d">UAB</subfield></datafield><datafield ind1=" " ind2=" " tag="042"><subfield code="a">pcc</subfield></datafield><datafield ind1=" " ind2=" " tag="043"><subfield code="a">e------</subfield></datafield><datafield ind1="0" ind2="0" tag="050"><subfield code="a">CB245</subfield><subfield code="b">.D26 2015</subfield></datafield><datafield ind1="0" ind2="0" tag="082"><subfield code="a">909/.09821</subfield><subfield code="2">23</subfield></datafield><datafield ind1=" " ind2=" " tag="090"><subfield code="a">CB 245 D26 2015</subfield><subfield code="b">AEU</subfield></datafield><datafield ind1=" " ind2=" " tag="090"><subfield code="a">CB245 .D26 2015</subfield><subfield code="b">AEGMCT</subfield></datafield><datafield ind1="1" ind2=" " tag="100"><subfield code="a">Daly, Jonathan W.,</subfield><subfield code="e">author.</subfield></datafield><datafield ind1="1" ind2="0" tag="245"><subfield code="a">Historians debate the rise of the West /</subfield><subfield code="c">Jonathan Daly.</subfield></datafield><datafield ind1=" " ind2="1" tag="264"><subfield code="a">Abingdon, Oxon ;</subfield><subfield code="a">New York :</subfield><subfield code="b">Routledge, Taylor &amp; Francis Group,</subfield><subfield code="c">2015.</subfield></datafield><datafield ind1=" " ind2="4" tag="264"><subfield code="c">&#169;2015</subfield></datafield><datafield ind1=" " ind2=" " tag="300"><subfield code="a">190 pages :</subfield><subfield code="b">maps ;</subfield><subfield code="c">24 cm</subfield></datafield><datafield ind1=" " ind2=" " tag="336"><subfield code="a">text</subfield><subfield code="2">rdacontent</subfield></datafield><datafield ind1=" " ind2=" " tag="337"><subfield code="a">unmediated</subfield><subfield code="2">rdamedia</subfield></datafield><datafield ind1=" " ind2=" " tag="338"><subfield code="a">volume</subfield><subfield code="2">rdacarrier</subfield></datafield><datafield ind1=" " ind2=" " tag="504"><subfield code="a">Includes bibliographical references (pages 182-185) and index.</subfield></datafield><datafield ind1="0" ind2=" " tag="505"><subfield code="a">The miracle of the West -- World history -- Imperialism and exploitation -- The greatness of Asia -- Why not china?</subfield></datafield><datafield ind1=" " ind2=" " tag="520"><subfield code="a">"Discusses major scholars' evaluations of how Western civilization fits into modern world history. An introduction for students of Western civilization and world history to the main interpretations of Europe's rise that have been proposed since the middle of the twentieth century"--</subfield><subfield code="c">Provided by publisher.</subfield></datafield><datafield ind1=" " ind2=" " tag="596"><subfield code="a">16 29 38</subfield></datafield><datafield ind1=" " ind2="0" tag="650"><subfield code="a">Civilization, Western</subfield><subfield code="x">History.</subfield></datafield><datafield ind1=" " ind2="0" tag="650"><subfield code="a">Civilization, Western</subfield><subfield code="x">Historiography.</subfield></datafield><datafield ind1=" " ind2="0" tag="650"><subfield code="a">World history</subfield><subfield code="x">Historiography.</subfield></datafield><datafield ind1=" " ind2="0" tag="650"><subfield code="a">Civilization, Western</subfield><subfield code="x">Study and teaching.</subfield></datafield><datafield ind1=" " ind2="0" tag="651"><subfield code="a">Europe</subfield><subfield code="x">Civilization.</subfield></datafield><datafield ind1=" " ind2="0" tag="651"><subfield code="a">Europe</subfield><subfield code="x">Civilization</subfield><subfield code="x">Historiography.</subfield></datafield><datafield ind1=" " ind2=" " tag="949"><subfield code="a">CB 245 D26 2015</subfield><subfield code="c">1</subfield><subfield code="h">UAHS-B</subfield><subfield code="i">0162035172129</subfield></datafield><datafield ind1=" " ind2=" " tag="926"><subfield code="a">CB 245 D26 2015</subfield><subfield code="w">LC</subfield><subfield code="c">1</subfield><subfield code="i">0162035172129</subfield><subfield code="l">ON_SHELF</subfield><subfield code="m">UABARD</subfield><subfield code="p">$150.00</subfield><subfield code="r">Y</subfield><subfield code="s">Y</subfield><subfield code="t">BOOK</subfield><subfield code="u">10/22/2014</subfield><subfield code="o">.STAFF. B0007832</subfield></datafield><datafield ind1=" " ind2=" " tag="926"><subfield code="a">CB245 .D26 2015</subfield><subfield code="w">LC</subfield><subfield code="c">1</subfield><subfield code="i">1007434960</subfield><subfield code="d">3/27/2017</subfield><subfield code="e">3/14/2017</subfield><subfield code="l">ON_SHELF</subfield><subfield code="m">GR_MACEWAN</subfield><subfield code="n">1</subfield><subfield code="p">$163.76</subfield><subfield code="r">Y</subfield><subfield code="s">Y</subfield><subfield code="t">BOOK</subfield><subfield code="u">2/26/2015</subfield></datafield><datafield ind1=" " ind2=" " tag="926"><subfield code="a">CB 245 D26 2015</subfield><subfield code="w">LC</subfield><subfield code="c">1</subfield><subfield code="i">0162034846301</subfield><subfield code="d">1/12/2016</subfield><subfield code="e">9/29/2015</subfield><subfield code="l">ON_SHELF</subfield><subfield code="m">UAAUG</subfield><subfield code="n">1</subfield><subfield code="p">$150.00</subfield><subfield code="r">Y</subfield><subfield code="s">Y</subfield><subfield code="t">BOOK</subfield><subfield code="u">9/23/2015</subfield><subfield code="z">COUTTS_ADD</subfield></datafield></record>